<record><leader>00000cas a22000007a 4500</leader><controlfield tag="001">12605529</controlfield><controlfield tag="008">850926c19729999iauwr ne      0    0eng d</controlfield><datafield ind1=" " ind2=" " tag="010"><subfield code="a">sn 85049702 </subfield></datafield><datafield ind1=" " ind2=" " tag="040"><subfield code="a">INP</subfield><subfield code="b">eng</subfield><subfield code="c">INP</subfield><subfield code="d">OCLCQ</subfield></datafield><datafield ind1=" " ind2=" " tag="042"><subfield code="a">msc</subfield></datafield><datafield ind1="0" ind2="0" tag="245"><subfield code="a">Linn news-letter.</subfield></datafield><datafield ind1="3" ind2="0" tag="246"><subfield code="a">Linn weekly news-letter</subfield></datafield><datafield ind1=" " ind2=" " tag="260"><subfield code="a">Central City, Iowa :</subfield><subfield code="b">[A to Z Pub. Co.],</subfield><subfield code="c">1972-</subfield></datafield><datafield ind1=" " ind2=" " tag="300"><subfield code="a">v. :</subfield><subfield code="b">ill. ;</subfield><subfield code="c">45 cm.</subfield></datafield><datafield ind1=" " ind2=" " tag="310"><subfield code="a">Weekly</subfield></datafield><datafield ind1="0" ind2=" " tag="362"><subfield code="a">Vol. 89, no. 48 (Oct. 5, 1972)-</subfield></datafield><datafield ind1=" " ind2=" " tag="500"><subfield code="a">"Weekly" appears above title ornament, Mar. 17, 1987-</subfield></datafield><datafield ind1=" " ind2=" " tag="500"><subfield code="a">Publisher varies.</subfield></datafield><datafield ind1=" " ind2=" " tag="500"><subfield code="a">"Serving North Linn County."</subfield></datafield><datafield ind1=" " ind2=" " tag="500"><subfield code="a">"Incorporating Central City news-letter and the Springville new era and the Coggon monitor."</subfield></datafield><datafield ind1=" " ind2=" " tag="500"><subfield code="a">Originally edited by: R.C. Sutton.</subfield></datafield><datafield ind1=" " ind2=" " tag="752"><subfield code="a">United States</subfield><subfield code="b">Iowa</subfield><subfield code="c">Linn</subfield><subfield code="d">Central City.</subfield></datafield><datafield ind1=" " ind2=" " tag="752"><subfield code="a">United States</subfield><subfield code="b">Iowa</subfield><subfield code="c">Linn</subfield><subfield code="d">Coggon.</subfield></datafield><datafield ind1=" " ind2=" " tag="752"><subfield code="a">United States</subfield><subfield code="b">Iowa</subfield><subfield code="c">Linn</subfield><subfield code="d">Springville.</subfield></datafield><datafield ind1="0" ind2="4" tag="780"><subfield code="t">Central City news-letter and the Springville new era</subfield><subfield code="w">(DLC)sn 85049701</subfield></datafield><datafield ind1="0" ind2="4" tag="780"><subfield code="t">Coggon monitor</subfield><subfield code="w">(DLC)sn 85050880</subfield></datafield><datafield ind1="1" ind2=" " tag="029"><subfield code="a">AU@</subfield><subfield code="b">000025784069</subfield></datafield></record>